eb0e72a722457e4ee810ae4a70382813